% Encoding: UTF-8

@book{posCur,
	author = {BRIDSON, Martin R. and HAEFLIGER, André},
	title = {Metric Spaces of Non-Positive Curvature},
	publisher = {Springer-Verlag Berlin Heidelberg},
	year = {1999}
}

@book{notasGGT,
  author        = {SISTO, Alessandro},
  title         = {Lecture notes in Geometric Group Theory},
  month         = {July},
  year          = {2014},
  publisher = {ETH Zurich}
}

@book{hatcher,
	author = {HATCHER, Allen},
	title = {Algebraic Topology},
	publisher = {Allen Hatcher},
	year = {2001}
}

@book{eumsm,
	author = {LOPES DE SOUZA, Victor Fernando},
	title = {Uma Introdução à Topologia Algébrica: Provando um teorema a respeito do número de pontas de um grupo finitamente gerado},
	publisher = {PICME - Programa de Iniciação Científica e Mestrado},
	year = {2020}
}